<record><leader>00000cas a2200000 a 4500</leader><controlfield tag="001">11703144</controlfield><controlfield tag="008">850216d19721974hiuwr ne      0    0eng d</controlfield><datafield ind1=" " ind2=" " tag="010"><subfield code="a">sn 85047017 </subfield></datafield><datafield ind1=" " ind2=" " tag="040"><subfield code="a">HUH</subfield><subfield code="b">eng</subfield><subfield code="c">HUH</subfield><subfield code="d">HWN</subfield><subfield code="d">OCL</subfield><subfield code="d">OCLCQ</subfield></datafield><datafield ind1=" " ind2=" " tag="042"><subfield code="a">msc</subfield></datafield><datafield ind1=" " ind2=" " tag="043"><subfield code="a">n-us-hi</subfield></datafield><datafield ind1="0" ind2="4" tag="245"><subfield code="a">The Aina Haina-Niu Valley sun press.</subfield></datafield><datafield ind1="3" ind2="0" tag="246"><subfield code="a">Niu Valley sun press</subfield></datafield><datafield ind1="1" ind2="7" tag="246"><subfield code="a">Sun press</subfield></datafield><datafield ind1=" " ind2=" " tag="260"><subfield code="a">Kailua, Hawaii :</subfield><subfield code="b">Community Publications,</subfield><subfield code="c">1972-1974.</subfield></datafield><datafield ind1=" " ind2=" " tag="300"><subfield code="a">2 v. :</subfield><subfield code="b">ill. ;</subfield><subfield code="c">59 cm.</subfield></datafield><datafield ind1=" " ind2=" " tag="310"><subfield code="a">Weekly</subfield></datafield><datafield ind1="0" ind2=" " tag="362"><subfield code="a">Vol. 13, no. 40 (Oct. 18-Oct. 24, 1972)-</subfield></datafield><datafield ind1="1" ind2=" " tag="362"><subfield code="a">Ceased in Jan. 1974.</subfield></datafield><datafield ind1=" " ind2="0" tag="651"><subfield code="a">Aina Haina (Honolulu, Hawaii)</subfield><subfield code="v">Newspapers.</subfield></datafield><datafield ind1=" " ind2="0" tag="651"><subfield code="a">Niu Valley (Honolulu, Hawaii)</subfield><subfield code="v">Newspapers.</subfield></datafield><datafield ind1=" " ind2=" " tag="752"><subfield code="a">United States</subfield><subfield code="b">Hawaii</subfield><subfield code="c">Honolulu</subfield><subfield code="d">Kailua.</subfield></datafield><datafield ind1="0" ind2="1" tag="780"><subfield code="t">Honolulu east sun press</subfield><subfield code="w">(DLC)sn 85047016</subfield><subfield code="w">(OCoLC)11703136</subfield></datafield><datafield ind1="0" ind2="7" tag="785"><subfield code="t">Kahala sun press</subfield><subfield code="w">(DLC)sn 85047018</subfield><subfield code="w">(OCoLC)11703150</subfield></datafield><datafield ind1="0" ind2="7" tag="785"><subfield code="t">Sun press (Kaneohe, Hawaii)</subfield><subfield code="w">(DLC)sn 85047026</subfield><subfield code="w">(OCoLC)11703156</subfield></datafield></record>